<record><leader>00000cas a22000007a 4500</leader><controlfield tag="001">19175012</controlfield><controlfield tag="008">890213d19561965mouwr ne      0    0eng d</controlfield><datafield ind1=" " ind2=" " tag="010"><subfield code="a">sn 89066255 </subfield></datafield><datafield ind1=" " ind2=" " tag="040"><subfield code="a">MQN</subfield><subfield code="b">eng</subfield><subfield code="c">MQN</subfield><subfield code="d">OCLCQ</subfield></datafield><datafield ind1=" " ind2=" " tag="042"><subfield code="a">msc</subfield></datafield><datafield ind1="0" ind2="0" tag="245"><subfield code="a">Blue Springs leader.</subfield></datafield><datafield ind1=" " ind2=" " tag="260"><subfield code="a">Blue Springs, Mo. :</subfield><subfield code="b">Orville D. and Lorraine Triggs,</subfield><subfield code="c">-1965.</subfield></datafield><datafield ind1=" " ind2=" " tag="300"><subfield code="a">v.</subfield></datafield><datafield ind1=" " ind2=" " tag="310"><subfield code="a">Weekly</subfield></datafield><datafield ind1="1" ind2=" " tag="362"><subfield code="a">Began in 1956?</subfield></datafield><datafield ind1="0" ind2=" " tag="362"><subfield code="a">-v. 10, no. 12 (Dec. 31, 1965).</subfield></datafield><datafield ind1=" " ind2=" " tag="588"><subfield code="a">Description based on: Vol. 2, no. 47 (Aug. 14, 1958).</subfield></datafield><datafield ind1=" " ind2=" " tag="752"><subfield code="a">United States</subfield><subfield code="b">Missouri</subfield><subfield code="c">Jackson</subfield><subfield code="d">Blue Springs.</subfield></datafield><datafield ind1="0" ind2="4" tag="785"><subfield code="t">Oak Grove banner</subfield><subfield code="w">(DLC)sn 89066254</subfield></datafield></record>